@article{rives2021biological,
  title={Biological structure and function emerge from scaling unsupervised learning to 250 million protein sequences},
  author={Rives, Alexander and Meier, Joshua and Sercu, Tom and Goyal, Siddharth and Lin, Zeming and Liu, Jason and Guo, Demi and Ott, Myle and Zitnick, C Lawrence and Ma, Jerry and others},
  journal={Proceedings of the National Academy of Sciences},
  volume={118},
  number={15},
  year={2021},
  publisher={National Acad Sciences}
}

@dataset{engqvist_martin_karl_magnus_2018_1175609,
  author={Engqvist, Martin Karl Magnus},
  title={Growth temperatures for 21,498 microorganisms},
  month=feb,
  year=2018,
  publisher={Zenodo},
  version={1.0.0},
  doi={10.5281/zenodo.1175609},
  url={https://doi.org/10.5281/zenodo.1175609}
}

@article{elnaggar2020prottrans,
  title={ProtTrans: towards cracking the language of Life's code through self-supervised deep learning and high performance computing},
  author={Elnaggar, Ahmed and Heinzinger, Michael and Dallago, Christian and Rihawi, Ghalia and Wang, Yu and Jones, Llion and Gibbs, Tom and Feher, Tamas and Angerer, Christoph and Steinegger, Martin and others},
  journal={arXiv preprint arXiv:2007.06225},
  year={2020}
}

